@online{ConvNet,
author = {Andrej Karpathy},
title = {Convolutional Neural Networks for Visual Recognition},
year = "2018",
howpublished = {http://cs231n.github.io/convolutional-networks/},
note = {Let\"oltve: 2018-09-30},
}


@misc{Dsprite,
author = {Loic Matthey and Irina Higgins and Demis Hassabis and Alexander Lerchner},
title = {dSprites: Disentanglement testing Sprites dataset},
howpublished= {https://github.com/deepmind/dsprites-dataset/},
year = "2017",
}


@online{VAE,
author = {Kevin Frans},
title = {Variational Autoencoders Explained},
year = "2016",
howpublished = {\url{http://kvfrans.com/variational-autoencoders-explained/}},
note = {Let\"oltve: 2018-10-19},
}


%\bibitem{original VAE}
%Variational Autoencoder\\
%\url{https://arxiv.org/abs/1606.05908}
@misc{original-VAE,
Author = {Carl Doersch},
Title = {Tutorial on Variational Autoencoders},
Year = {2016},
howpublished = {\url{arXiv:1606.05908}},
}

%\bibitem{bvae}
%Understanding disentangling in $\beta$-VAE\\
%\url{https://arxiv.org/abs/1804.03599}
@misc{bvae,
Author = {Christopher P. Burgess and Irina Higgins and Arka Pal and Loic Matthey and Nick Watters and Guillaume Desjardins and Alexander Lerchner},
Title = {Understanding disentangling in $\beta$-VAE},
Year = {2018},
howpublished = {\url{arXiv:1804.03599}},
}



%\bibitem{original GAN}
%Generative Adverarial Networks\\
%\url{https://arxiv.org/abs/1406.2661}
@misc{original-GAN,
Author = {Ian J. Goodfellow and Jean Pouget-Abadie and Mehdi Mirza and Bing Xu and David Warde-Farley and Sherjil Ozair and Aaron Courville and Yoshua Bengio},
Title = {Generative Adversarial Networks},
Year = {2014},
howpublished = {\url{arXiv:1406.2661}},
}

%\bibitem{tensorflow}
%TensorFlow\\
%\url{https://www.tensorflow.org/}
@misc{tensorflow,
title={{TensorFlow}: Large-Scale Machine Learning on Heterogeneous Systems},
url={http://tensorflow.org/},
note={Software available from tensorflow.org},
author={
    Mart\'{\i}n~Abadi et al.},
  year={2015},
}

@misc{Keras,
  title={Keras},
  author={Chollet, Fran\c{c}ois and others},
  year={2015},
  howpublished={\url{https://keras.io}},
}